@book{mas-colellMicroeconomicTheory1995a,
  title = {Microeconomic Theory},
  author = {Mas-Colell, Andreu},
  date = {1995},
  publisher = {{New York, NY u.a. : Oxford Univ. Press}},
  location = {{New York, NY [u.a.}},
  abstract = {Hier auch später erschienene, unveränderte Nachdrucke***Unchanged reprints that were published later are included here., Lösungsbd. u.d.T.: Hara, Chiaki: Solutions manual for microeconomic theory. Paperbackausg. als: Oxford student edition. Hier auch später erschienene, unveränderte Nachdrucke.},
  editora = {Whinston, Michael D. and Green, Jerry R.},
  editoratype = {collaborator},
  isbn = {978-0-19-507340-9},
  langid = {english},
  pagetotal = {xvii+981},
  keywords = {Mikroökonomie},
  file = {/Users/fbenning/paper/1995_Mas-Colell/Mas-Colell_1995_Microeconomic theory.pdf}
}
